@misc{becketal2001,
  author = {Beck, Kent et al.},
  howPublished = {Online; abgerufen am 15. April 2016},
  title = {Manifesto for Agile Software Development},
  url = {http://agilemanifesto.org/},
  year = 2001
}

@book{Pichler2009,
  address = {Heidelberg},
  author = {Pichler, Roman},
  publisher = {dpunkt.verlag},
  title = {Scrum - Agiles Projektmanagement erfolgreich einsetzen},
  year = 2009
}

@incollection{HallerMuehl2006,
  address = {Frankfurt am Main},
  author = {Bertram Haller and Hans Mühl},
  booktitle = {Die Regionalbibliographie im digitalen Zeitalter. Deutschland und seine Nachbarländer},
  pages = {305-318},
  publisher = {Vittorio Klostermann},
  series = {Zeitschrift für Bibliothekswesen und Bibliographie. Sonderbände},
  title = {Die Nordrhein-Westfälische Bibliographie},
  volume = {Sonderband 90},
  year = 2006
}

@incollection{Syre2006,
  address = {Frankfurt am Main},
  author = {Syré, Ludger},
  booktitle = {Die Regionalbibliographie im digitalen Zeitalter. Deutschland und seine Nachbarländer},
  pages = {33-52},
  publisher = {Vittorio Klostermann},
  series = {Zeitschrift für Bibliothekswesen und Bibliographie. Sonderbände},
  title = {Die deutschen Landes- und Regionalbibliographien},
  volume = {Sonderband 90},
  year = 2006
}

@presentation{Schnasse2015,
  author = {Schnasse, Jan},
  title = {Ein moderner Webauftritt für die NWBib},
  howPublished = {Online; abgerufen am 15. April 2016},
  url = {https://speakerdeck.com/lobid/ein-moderner-webauftritt-fur-die-nwbib-1},
  year = 2015
}

@inproceedings{Schmidt1998,
  author = {Schmidt, Ronald Michael},
  booktitle = {Bibliographische Datenbanken im Internet: DFG-Kolloquium vom 4. bis 5. Dezember 1997 an der Herzogin Anna Amalia Bibliothek},
  title = {Die Nordrhein-Westfälische Bibliographie Online},
  howPublished = {Online; archivierte Version der Wayback Machine vom 18.10.2000},
  url = {http://web.archive.org/web/20000310115644/http://www.weimar-klassik.de/kolloquien/e5i_224d.html},
  year = 1998
}

@misc{wikipedia2016,
  author = {Wikipedia},
  howPublished = {Online; Stand 14. April 2016},
  title = {Schiller-Räuber-Problem --- Wikipedia{,} Die freie Enzyklopädie},
  url = {https://de.wikipedia.org/w/index.php?title=Schiller-R%C3%A4uber-Problem&oldid=149608084},
  year = 2015
}

@misc{pohl2015,
  author = {Pohl, Adrian},
  howPublished = {Online; abgerufen am 15. April 2016},
  month = {April},
  title = {Mit der NWBib zu Gast bei Wikipedia},
  url = {https://wiki1.hbz-nrw.de/x/lIBTB},
  year = 2015
}

@article{zumsteinstoehr2015,
  address = {Berlin},
  author = {Philipp Zumstein and Matti Stöhr},
  month = {Dezember},
  number = 4,
  pages = {210--221},
  publisher = {de Gruyter Saur},
  title = {Zur Nachnutzung von bibliographischen Katalog- und Normdaten für die persönliche Literaturverwaltung und Wissensorganisation},
  url = {http://ub-madoc.bib.uni-mannheim.de/39937/},
  volume = 35,
  year = 2015
}

@book{BoemerDegering1951,
  author = {Alois Bömer and Herman Degering},
  editor = {Historische Kommission Westfalens},
  title = {Westfälische Bibliographie zur Geschichte, Landeskunde und Volkskunde},
  year = {1951-2004}
}