@phdthesis{Voss2013,
    author = {Jakob Voß},
    title = {Describing data patterns. A general deconstruction of metadata standards},
    address = {Berlin},
    year = {2013},
    school = {Humboldt University}
}    
@book{Frank1978,
    title = {Von der systematischen Bibliographie zur Dokumentation},
    editor = {Peter R. Frank},
    publisher = {Wissenschaftliche Buchgesellschaft},
    address = {Darmstadt},
    year = {1978}
}
@mastersthesis{Bagley1951,
    author = {Philip Rutherford Bagley},
    title = {Electronic Digital Machines for High-Speed Information Searching},
    year = {1951},
    school = {Massachusetts Institute of Technology}
}

@inbook{Keenan2015,
    title = {Bibliographies of Bibliographies},
    editor = {Thomas Keenan},
    booktitle = {Russia, Eastern Europe, and Eurasia: A Research Guide},
    year = {2015},
    publisher = {Pricenton University Library},
    url = {http://libguides.princeton.edu/c.php?g=84111&p=545030}
}
@inbook{Roesch2003,
    author = {Hermann Rösch and Sonja Härkönen},
    booktitle = {Allgemeine Informationsmittel},
    year = {2003},
    month = {December},
    title = {Bibliographien der Bibliographien},
    url = {http://www.fbi.fh-koeln.de/institut/personen/roesch/Material\_Roesch/Informationsmittel/Kapitel5.htm}
}
@inbook{Gorraiz2007,
    title = {Bibliographien der Bibliographien},
    author = {Juan Gorraiz},
    booktitle = {Bibliographie. Leitfaden zur konventionellen Bibliographie mit besonderer Berücksichtigung von CD-ROM- und Web-Ressourcen},
    year = {2007?},
    url = {http://homepage.univie.ac.at/juan.gorraiz/konven/bibbib.htm}
}
@article{Grundtvig1903,
    title = {Gedanken über Bibliographie},
    author = {Vilhelm Grundtvig},
    year = {1903},
    journal = {Centralblatt für Bibliothekswesen},
    volume = {20},
    number = {9/10},
    pages = {405-443}
}
@incollection{Grundtvig1919,
    title = {Bibliografier over Bibliografi},
    booktitle = {Om bibliografi og bibliografier: anmærkninger ti et afsnit af haamdbog i bibliotekskundskab},
    author = {Vilhelm Grundtvig},
    pages = {19-22},
    year = {1919},
    publisher = {G.E.C. Gad},
    address = {København}
}

@article{Hjorland2008,
    author = {Birger Hjørland},
    year = {2008},
    title = {Information Literacy and Digital Literacy},
    journal = {prisma.com},
    number = {7},
    url = {http://revistas.ua.pt/index.php/prismacom/article/view/684},
}
@inbook{Birch2015,
    author = {Brian John Birch},
    booktitle = {The Philatelic Bibliophile’s Companion},
    title = {Bibliographies of Bibliographies},
    year = {2015},
    month = {January},
    pages = {1205-1206},
    url = {http://www.fipliterature.org/pbcompanion.PDF}
}
@book{Peignot1812,
    author = {Gabriel Peignot},
    title = {Répertoire bibliographique universel},
    year = {1812},
    publisher = {Chez Antoine-Augustin Renouard},
    address = {Paris}
}
@book{Petzholdt1866,
    author = {Petzholdt, Julius},   
    title = {Bibliotheca bibliographica},
    year = {1866},
    publisher = {Engelmann},
    address = {Leipzig}
}
@book{Taylor1955,
    author = {Taylor, Archer},
    title = {A history of bibliographies of bibliographies},
    year = {1955},
    publisher = {Scarecrow Press},
    address = {New Brunswick, N.J.}
}
@book{Josephson1905,
    author = {Josephson, Aksel},
    title = {Proposition for the establishment of a bibliographical institute},
    year = {1905},
    address = {Chicago}
}
@book{Josephson1901,
    author = {Josephson, Aksel},
    year = {1901},
    title = {Bibliographies of Bibliographies, chronologically arranged, with occasional notes and an index},
    publisher = {Bibliographical Society of Chicago},
    address = {Chicago}
}
@article{Josephson1910,
    author = {Josephson, Aksel},
    year = {1910},
    title = {Bibliographies of Bibliographies},
    journal = {The Bulletin of the Bibliographical Society of America},
    volume = {2},
    number = {3/4},
    pages = {53-56},
    publisher = {Bibliographical Society of Chicago},
    address = {Chicago}
}
@article{Josephson1911a,
    author = {Josephson, Aksel},
    year = {1911},
    title = {Bibliographies of Bibliographies},
    journal = {The Bulletin of the Bibliographical Society of America},
    volume = {3},
    number = {1/2},
    pages = {23-24},
    publisher = {Bibliographical Society of Chicago},
    address = {Chicago}
}
@article{Josephson1911b,
    author = {Josephson, Aksel},
    year = {1911},
    title = {Bibliographies of Bibliographies},
    journal = {The Bulletin of the Bibliographical Society of America},
    volume = {3},
    number = {3/4},
    pages = {50-53},
    publisher = {Bibliographical Society of Chicago},
    address = {Chicago}
}
@article{Josephson1912,
    author = {Josephson, Aksel},
    year = {1912},
    title = {Bibliographies of Bibliographies (Continuation)},
    journal = {The Bulletin of the Bibliographical Society of America},
    volume = {4},
    number = {1/2},
    pages = {23-27},
    publisher = {Bibliographical Society of Chicago},
    address = {Chicago}
}
@article{Josephson1913a,
    author = {Josephson, Aksel},
    title = {Bibliographies of Bibliographies: Second edition (continued)},
    year = {1912-1913},
    journal = {The Papers of the Bibliographical Society of America},
    volume = {7},
    number = {1/2},
    pages = {33-34},
    publisher = {Bibliographical Society of Chicago},
    address = {Chicago}
}
@article{Josephson1913b,
    author = {Josephson, Aksel},
    title = {Bibliographies of Bibliographies: Second edition (concluded)},
    year = {1912-1913},
    journal = {The Papers of the Bibliographical Society of America},
    volume = {7},
    number = {3/4},
    pages = {115-123},
    publisher = {Bibliographical Society of Chicago},
    address = {Chicago}
}
@article{Lexoldie2007,
    author = {Benutzer Lexoldie},
    title = {Bibliografie},
    journal = {Wikipedia},
    year = {2007},
    month = {February},
    url = {https://de.wikipedia.org/w/index.php?diff=prev&oldid=27658711},
}
@article{Nature1939,
    title = {A World Bibliography of Bibliographies},
    year = {1939},
    month = {July},
    journal = {Nature},
    pages = {69},
    volume = {144},
    doi = {10.1038/144069a0}
}
}
@article{Lexoldie2007,
    author = {Benutzer Lexoldie},
    journal = {Wikipedia},
    year = {2007},
    month = {February},
    url = {https://de.wikipedia.org/w/index.php?diff=prev&oldid=27658711},
}
@article{Nature1939,
    title = {A World Bibliography of Bibliographies},
    year = {1939},
    month = {July},
    journal = {Nature},
    pages = {69},
    volume = {144},
    doi = {10.1038/144069a0}
}
