@book{Voss2014,
    title={Normdaten in Wikidata},
    author={Jakob Voß and  Susanna Bausch and  Julian Schmitt and  Jasmin Bogner and  Viktoria Berkelmann and  Franziska Ludemann and  Oliver Löffel and  Janna Kitroschat and  Maiia Bartoshevska and  Katharina Seljuzki},
    publisher={lulu.com},
    isbn={978-1-291-85658-3},
    url={https://hshdb.github.io/normdaten-in-wikidata/}
}
@article{Willighagen2016,
    title={Migrating pKa data from DrugMet to Wikidata},
    author={Egon Willighagen},
    journal={chem-bla-ics},
    year={2016},
    month={mar},
    url={http://chem-bla-ics.blogspot.de/2016/03/migrating-pka-data-from-drugmet-to.html}
}
@article{Hartmann2015,
    title={Paul Otlets Hypermedium. Dokumentation als Gegenidee zur Bibliothek},
    author={Frank Hartmann},
    journal={LIBREAS. Library Ideas},
    number={28},
    year = {2015},
    url={http://libreas.eu/ausgabe28/04hartmann/}
}
@techreport{Putman2015,
  doi = {10.1101/031286},
  url = {http://dx.doi.org/10.1101/031286},
  year  = {2015},
  month = {nov},
  publisher = {Cold Spring Harbor Laboratory Press},
  author = {T. Putman and S. Burgstaller and A. Waagmeester and C. Wu and A. I. Su and B. Good},
  title = {Centralizing content and distributing labor: a community model for curating the very long tail of microbial genomes}
}
@article{Wiki4R,
    doi = {10.3897/rio.1.e7573},
    url = {http://dx.doi.org/10.3897/rio.1.e7573},
    year = 2015,
    month = {dec},
    publisher = {Pensoft Publishers},
    volume = {1},
    pages = {e7573},
    author = {Daniel Mietchen and Gregor Hagedorn and Egon Willighagen and Mariano Rico and Asunción Gómez-Pérez and Eduard Aibar and Karima Rafes and Cécile Germain and Alastair Dunning and Lydia Pintscher and Daniel Kinzler},
    title = {Enabling Open Science: Wikidata for Research (Wiki4R)},
    journal = {Research Ideas and Outcomes}
} 

